@inproceedings{Li,
	author = {Li, David Xinliang and Ashok, Raksit and Hundt, Robert},
	title = {Lightweight Feedback-directed Cross-module Optimization},
	booktitle = {Proceedings of the 8th Annual IEEE/ACM International Symposium on Code Generation and Optimization},
	series = {CGO '10},
	year = {2010},
	isbn = {978-1-60558-635-9},
	location = {Toronto, Ontario, Canada},
	pages = {53--61},
	numpages = {9},
	url = {http://doi.acm.org/10.1145/1772954.1772964},
	doi = {10.1145/1772954.1772964},
	acmid = {1772964},
	publisher = {ACM},
	address = {New York, NY, USA},
	keywords = {cross-module, feedback-directed, inter-procedural, optimization},
} 

@misc{lipo,
	url = {http://gcc.gnu.org/wiki/LightweightIpo},
}

@INPROCEEDINGS{Triant,
    author = {Spyridon Triantafyllis and Matthew J. Bridges and Easwaran Raman and Guilherme Ottoni and David I. August},
    title = {A framework for unrestricted whole-program optimization},
    booktitle = {In ACM SIGPLAN 2006 Conference on Programming Language Design and Implementation},
    year = {2006},
    pages = {61--71}
}

@misc{diego,
	url= {http://llvm.org/devmtg/2013-04/novillo-slides.pdf}
}

@misc{llvm_doc,
	url= {http://llvm.org/docs/doxygen/html/}
}

@misc{cJSON,
	url= {http://sourceforge.net/projects/cjson/}
}

@misc{love,
	url= {https://love2d.org/}
}

@misc{lua,
	url= {http://www.lua.org/}
}
@misc{json,
	url= {http://json.org/}
}



